@book{carroll2007,
	author={John M. Carroll},
	year={2007},
	title={A Concise History of {Hong Kong}},
	publisher={Rowman \& Littlefield Publishers},
	address={US},
	isbn={0742534227},
	language={English}
}

